@misc{1, HotendHeaterblockE3D,
  title = {Hotend Heaterblock {{E3D}} | {{Original Prusa 3D}} Printers Directly from {{Josef Prusa}}},
  journal = {Prusa3D by Josef Prusa},
  urldate = {2023-06-10},
  abstract = {Hotend heaterblock for E3D hotends V6 and V6.1.},
  howpublished = {https://www.prusa3d.com/product/hotend-heaterblock-e3d/},
  langid = {english},
  file = {/home/metti/Zotero/storage/EGTIEWXU/hotend-heaterblock-e3d.html}
}
