@misc{3dprinting,
  title = {A {{Close Up Detailed View Of}} 3d {{Printer Stock Footage SBV-338121469}} - {{Storyblocks}}},
  urldate = {2023-07-15},
  howpublished = {https://www.storyblocks.com/video/stock/a-close-up-detailed-view-of-a-3d-printer-r3k1gvdguk686nivp}
}

@misc{arduino,
  title = {Arduino - {{Home}}},
  urldate = {2023-07-16},
  howpublished = {https://www.arduino.cc/},
  file = {C\:\\Users\\metti\\Zotero\\storage\\9ZKEGYYV\\www.arduino.cc.html}
}

@misc{ATMEGA328PB,
  title = {{{ATMEGA328PB}} | {{Microchip Technology}}},
  urldate = {2023-07-15},
  howpublished = {https://www.microchip.com/en-us/product/atmega328pb\#document-table},
  file = {C\:\\Users\\metti\\Zotero\\storage\\NGJAHZK2\\atmega328pb.html}
}

@misc{atmel,
  title = {{{START}}},
  urldate = {2023-07-16},
  howpublished = {https://start.atmel.com/}
}

@misc{DIN60751,
  title = {{{IEC}} 60751:2022 | {{IEC Webstore}}},
  urldate = {2023-07-15},
  howpublished = {https://webstore.iec.ch/publication/63753},
  file = {C\:\\Users\\metti\\Zotero\\storage\\WDIVTSA6\\63753.html}
}

@misc{fdm,
  title = {Fused Deposition Modelling ({{FDM}}) {{Printing}} System.~ | {{Download Scientific Diagram}}},
  urldate = {2023-07-15},
  howpublished = {https://www.researchgate.net/figure/Fused-deposition-modelling-FDM-Printing-system\_fig3\_319987351}
}

@misc{heaterblock,
  title = {Hotend Heaterblock {{E3D}} | {{Original Prusa 3D}} Printers Directly from {{Josef Prusa}}},
  journal = {Prusa3D by Josef Prusa},
  urldate = {2023-07-15},
  abstract = {Hotend heaterblock for E3D hotends V6 and V6.1.},
  howpublished = {https://www.prusa3d.com/product/hotend-heaterblock-e3d/},
  langid = {english},
  file = {C\:\\Users\\metti\\Zotero\\storage\\9QN5EERA\\hotend-heaterblock-e3d.html}
}

@misc{hotend,
  title = {{{3D Printer Hotend Kit}} with {{Silicone Cover}} - {{Electronica}} 24/7},
  urldate = {2023-07-15},
  howpublished = {https://electronica24x7.com/product/3d-printer-hotend-kit-with-silicone-cover/},
  file = {C\:\\Users\\metti\\Zotero\\storage\\YF7S65ZP\\3d-printer-hotend-kit-with-silicone-cover.html}
}

@misc{mksboard,
  title = {{{MKS-GEN}}/Hardware/{{MKS GEN V1}}.4\_004 at Master {$\cdot$} Makerbase-Mks/{{MKS-GEN}} {$\cdot$} {{GitHub}}},
  urldate = {2023-07-15},
  howpublished = {https://github.com/makerbase-mks/MKS-GEN/tree/master/hardware/MKS\%20GEN\%20V1.4\_004},
  file = {C\:\\Users\\metti\\Zotero\\storage\\BBYUGCLC\\MKS GEN V1.html}
}

@misc{NBPTCO154MEASPt1000,
  title = {{{NB-PTCO-154}} : {{MEAS Pt1000 RTD Thin Film Element}} | {{TE Connectivity}}},
  urldate = {2023-07-15},
  howpublished = {https://www.te.com/usa-en/product-NB-PTCO-154.html},
  file = {C\:\\Users\\metti\\Zotero\\storage\\33PRVB42\\product-NB-PTCO-154.html}
}

@misc{nozzle,
  title = {The {{Complete 3D Printer Nozzle Buyer}}'s {{Guide}} - {{3DSourced}}},
  urldate = {2023-07-15},
  howpublished = {https://www.3dsourced.com/guides/3d-printer-nozzle/},
  file = {C\:\\Users\\metti\\Zotero\\storage\\BEZZMB5U\\3d-printer-nozzle.html}
}

@misc{pt100,
  title = {{{PT100 Temperature Sensor}}},
  journal = {E3D},
  urldate = {2023-07-15},
  abstract = {PT100 temperature sensor Allow your HotEnd to print at higher temperatures with better accuracy and easier assembly with a PT100 sensor. Please note: In most cases, an amplifier board will be required, along with a spare 5v, GND, and a signal pin.},
  howpublished = {https://e3d-online.com/products/pt100-temperature-sensor},
  langid = {english},
  file = {C\:\\Users\\metti\\Zotero\\storage\\EFF4ACHQ\\pt100-temperature-sensor.html}
}

@misc{Pt1000,
  title = {Pt1000 {{RTD Thin Film Element}} | {{TE Connectivity}}},
  urldate = {2023-07-15},
  howpublished = {https://www.te.com/usa-en/product-CAT-RTD0048.html},
  file = {C\:\\Users\\metti\\Zotero\\storage\\Z4AC7S8B\\product-CAT-RTD0048.html}
}
